@article{Nair2012Asthma,
    title = {{ Addition of intravenous aminophylline to inhaled beta 2 -agonists in adults with acute asthma }},
    year = {2012},
    journal = {Cochrane Database of Systematic Reviews},
    author = {Nair, Parameswaran and Milan, Stephen J and Rowe, Brian H},
    month = {12},
    publisher = {Wiley},
    doi = {10.1002/14651858.cd002742.pub2},
    issn = {1469-493X},
    pmid = {23235591}
}

@misc{PDFGraphs,
    title = {{(PDF) Wrappers for Performance Enhancement and Oblivious Decision Graphs}},
    url = {https://www.researchgate.net/publication/36368197_Wrappers_for_Performance_Enhancement_and_Oblivious_Decision_Graphs}
}

@article{Gordon2020ARepurposing,
    title = {{A SARS-CoV-2 protein interaction map reveals targets for drug repurposing}},
    year = {2020},
    journal = {Nature},
    author = {Gordon, David E. and Jang, Gwendolyn M. and Bouhaddou, Mehdi and Xu, Jiewei and Obernier, Kirsten and White, Kris M. and O’Meara, Matthew J. and Rezelj, Veronica V. and Guo, Jeffrey Z. and Swaney, Danielle L. and Tummino, Tia A. and H{\"{u}}ttenhain, Ruth and Kaake, Robyn M. and Richards, Alicia L. and Tutuncuoglu, Beril and Foussard, Helene and Batra, Jyoti and Haas, Kelsey and Modak, Maya and Kim, Minkyu and Haas, Paige and Polacco, Benjamin J. and Braberg, Hannes and Fabius, Jacqueline M. and Eckhardt, Manon and Soucheray, Margaret and Bennett, Melanie J. and Cakir, Merve and McGregor, Michael J. and Li, Qiongyu and Meyer, Bjoern and Roesch, Ferdinand and Vallet, Thomas and Mac Kain, Alice and Miorin, Lisa and Moreno, Elena and Naing, Zun Zar Chi and Zhou, Yuan and Peng, Shiming and Shi, Ying and Zhang, Ziyang and Shen, Wenqi and Kirby, Ilsa T. and Melnyk, James E. and Chorba, John S. and Lou, Kevin and Dai, Shizhong A. and Barrio-Hernandez, Inigo and Memon, Danish and Hernandez-Armenta, Claudia and Lyu, Jiankun and Mathy, Christopher J.P. and Perica, Tina and Pilla, Kala Bharath and Ganesan, Sai J. and Saltzberg, Daniel J. and Rakesh, Ramachandran and Liu, Xi and Rosenthal, Sara B. and Calviello, Lorenzo and Venkataramanan, Srivats and Liboy-Lugo, Jose and Lin, Yizhu and Huang, Xi Ping and Liu, Yong Feng and Wankowicz, Stephanie A. and Bohn, Markus and Safari, Maliheh and Ugur, Fatima S. and Koh, Cassandra and Savar, Nastaran Sadat and Tran, Quang Dinh and Shengjuler, Djoshkun and Fletcher, Sabrina J. and O’Neal, Michael C. and Cai, Yiming and Chang, Jason C.J. and Broadhurst, David J. and Klippsten, Saker and Sharp, Phillip P. and Wenzell, Nicole A. and Kuzuoglu-Ozturk, Duygu and Wang, Hao Yuan and Trenker, Raphael and Young, Janet M. and Cavero, Devin A. and Hiatt, Joseph and Roth, Theodore L. and Rathore, Ujjwal and Subramanian, Advait and Noack, Julia and Hubert, Mathieu and Stroud, Robert M. and Frankel, Alan D. and Rosenberg, Oren S. and Verba, Kliment A. and Agard, David A. and Ott, Melanie and Emerman, Michael and Jura, Natalia and von Zastrow, Mark and Verdin, Eric and Ashworth, Alan and Schwartz, Olivier and d’Enfert, Christophe and Mukherjee, Shaeri and Jacobson, Matt and Malik, Harmit S. and Fujimori, Danica G. and Ideker, Trey and Craik, Charles S. and Floor, Stephen N. and Fraser, James S. and Gross, John D. and Sali, Andrej and Roth, Bryan L. and Ruggero, Davide and Taunton, Jack and Kortemme, Tanja and Beltrao, Pedro and Vignuzzi, Marco and Garc{\'{i}}a-Sastre, Adolfo and Shokat, Kevan M. and Shoichet, Brian K. and Krogan, Nevan J.},
    number = {7816},
    month = {7},
    pages = {459--468},
    volume = {583},
    publisher = {Nature Research},
    url = {https://doi.org/10.1038/s41586-020-2286-9},
    doi = {10.1038/s41586-020-2286-9},
    issn = {14764687},
    pmid = {32353859},
    keywords = {2, CoV, Infectious diseases, Mechanisms of disease, Proteomics, SARS, Systems biology, Target identification}
}

@misc{Tang2020CoronavirusDevelopment,
    title = {{Coronavirus membrane fusion mechanism offers a potential target for antiviral development}},
    year = {2020},
    booktitle = {Antiviral Research},
    author = {Tang, Tiffany and Bidon, Miya and Jaimes, Javier A. and Whittaker, Gary R. and Daniel, Susan},
    month = {6},
    volume = {178},
    publisher = {Elsevier B.V.},
    url = {https://pubmed.ncbi.nlm.nih.gov/32272173/},
    doi = {10.1016/j.antiviral.2020.104792},
    issn = {18729096},
    pmid = {32272173},
    keywords = {COVID-19, Fusion peptide, Middle east respiratory syndrome, SARS-CoV-2, Severe acute respiratory syndrome, Spike protein}
}

@misc{DefinicionCancer,
    title = {{Definici{\'{o}}n de belinostat - Diccionario de c{\'{a}}ncer - Instituto Nacional del C{\'{a}}ncer}},
    url = {https://www.cancer.gov/espanol/publicaciones/diccionario/def/belinostat}
}

@article{Li2013DiscoveringAlgorithm,
    title = {{Discovering link communities in complex networks by an integer programming model and a genetic algorithm}},
    year = {2013},
    journal = {PLoS ONE},
    author = {Li, Zhenping and Zhang, Xiang Sun and Wang, Rui Sheng and Liu, Hongwei and Zhang, Shihua},
    number = {12},
    month = {12},
    pages = {83739},
    volume = {8},
    publisher = {Public Library of Science},
    url = {www.plosone.org},
    doi = {10.1371/journal.pone.0083739},
    issn = {19326203},
    pmid = {24386268},
    keywords = {Algorithms, Community structure, Genetic algorithms, Genetic networks, Network analysis, Psychometrics, Sociology, Sports}
}

@misc{DrugBankInformation,
    title = {{DrugBank Online | Detailed Drug and Drug Target Information}},
    url = {https://go.drugbank.com/}
}

@incollection{Schnepf1992FromDinoflagellates,
    title = {{From Prey via Endosymbiont to Plastid: Comparative Studies in Dinoflagellates}},
    year = {1992},
    booktitle = {Origins of Plastids},
    author = {Schnepf, Eberhard},
    pages = {53--76},
    publisher = {Springer US},
    url = {https://link.springer.com/chapter/10.1007/978-1-4615-2818-0_5},
    doi = {10.1007/978-1-4615-2818-0{\_}5}
}

@misc{ISSN,
    title = {{ISSN |  }},
    url = {https://www.issn.org/}
}

@article{Newman2006ModularityNetworks,
    title = {{Modularity and community structure in networks}},
    year = {2006},
    journal = {Proceedings of the National Academy of Sciences of the United States of America},
    author = {Newman, M. E.J.},
    number = {23},
    month = {6},
    pages = {8577--8582},
    volume = {103},
    publisher = {National Academy of Sciences},
    url = {www.pnas.orgcgidoi10.1073pnas.0601602103},
    doi = {10.1073/pnas.0601602103},
    issn = {00278424},
    pmid = {16723398},
    arxivId = {physics/0602124},
    keywords = {Clustering, Metabolic network, Modules, Partitioning, Social network}
}

@article{Gysi2020NetworkCOVID-19,
    title = {{Network Medicine Framework for Identifying Drug Repurposing Opportunities for COVID-19}},
    year = {2020},
    journal = {arXiv},
    author = {Gysi, Deisy Morselli and Valle, Ítalo Do and Zitnik, Marinka and Ameli, Asher and Gan, Xiao and Varol, Onur and Ghiassian, Susan Dina and Patten, JJ and Davey, Robert and Loscalzo, Joseph and Barab{\'{a}}si, Albert-László},
    month = {4},
    publisher = {arXiv},
    url = {http://arxiv.org/abs/2004.07229},
    arxivId = {2004.07229}
}

@book{LMargulis1970OriginLibros,
    title = {{Origin of Eukaryotic Cells: Evidence and Research Implications for a Theory ... - Lynn Margulis - Google Libros}},
    year = {1970},
    author = {{L Margulis}},
    editor = {{Yale University Press}},
    url = {https://books.google.es/books/about/Origin_of_Eukaryotic_Cells.html?id=mrBzQgAACAAJ&redir_esc=y},
    address = {New Haven}
}

@article{White2021PlitidepsinEEF1A.,
    title = {{Plitidepsin has potent preclinical efficacy against SARS-CoV-2 by targeting the host protein eEF1A.}},
    year = {2021},
    journal = {Science (New York, N.Y.)},
    author = {White, Kris M and Rosales, Romel and Yildiz, Soner and Kehrer, Thomas and Miorin, Lisa and Moreno, Elena and Jangra, Sonia and Uccellini, Melissa B and Rathnasinghe, Raveen and Coughlan, Lynda and Martinez-Romero, Carles and Batra, Jyoti and Rojc, Ajda and Bouhaddou, Mehdi and Fabius, Jacqueline M and Obernier, Kirsten and Dejosez, Marion and Guill{\'{e}}n, María José and Losada, Alejandro and Avil{\'{e}}s, Pablo and Schotsaert, Michael and Zwaka, Thomas and Vignuzzi, Marco and Shokat, Kevan M and Krogan, Nevan J and Garc{\'{i}}a-Sastre, Adolfo},
    month = {1},
    publisher = {American Association for the Advancement of Science},
    url = {http://www.ncbi.nlm.nih.gov/pubmed/33495306},
    doi = {10.1126/science.abf4058},
    issn = {1095-9203},
    pmid = {33495306}
}

@article{Oudit2009SARS-coronavirusSARS,
    title = {{SARS-coronavirus modulation of myocardial ACE2 expression and inflammation in patients with SARS}},
    year = {2009},
    journal = {European Journal of Clinical Investigation},
    author = {Oudit, G. Y. and Kassiri, Z. and Jiang, C. and Liu, P. P. and Poutanen, S. M. and Penninger, J. M. and Butany, J.},
    number = {7},
    month = {7},
    pages = {618--625},
    volume = {39},
    publisher = {Eur J Clin Invest},
    url = {https://pubmed.ncbi.nlm.nih.gov/19453650/},
    doi = {10.1111/j.1365-2362.2009.02153.x},
    issn = {00142972},
    pmid = {19453650},
    keywords = {Angiotensin converting enzyme 2, Heart, Macrophage, SARS coronar virus, Severe acute respiratory syndrome}
}

@article{DominguezAndres2020SARS-CoV-2Cells,
    title = {{SARS-CoV-2 ORF9c Is a Membrane-Associated Protein that Suppresses Antiviral Responses in Cells}},
    year = {2020},
    journal = {bioRxiv},
    author = {Dominguez Andres, Ana and Feng, Yongmei and Rosa Campos, Alexandre and Yin, Jun and Yang, Chih-Cheng and James, Brian and Murad, Rabi and Kim, Hyungsoo and Deshpande, Aniruddha J and Gordon, David E and Krogan, Nevan and Pippa, Raffaella and Ronai, ev A},
    month = {8},
    pages = {2020.08.18.256776},
    publisher = {Cold Spring Harbor Laboratory},
    url = {https://doi.org/10.1101/2020.08.18.256776},
    doi = {10.1101/2020.08.18.256776},
    keywords = {A549, IFN signaling, ORF9c, SARS-CoV-2, antigen presentation, immune evasion, ubiquitin proteasome}
}

@article{Lu2020SARS-CoV-2Evasion,
    title = {{SARS-CoV-2 ORF9c: a mysterious membrane-anchored protein that regulates immune evasion?}},
    year = {2020},
    journal = {Nature Reviews Immunology},
    author = {Lu, Fangfang},
    number = {11},
    month = {11},
    pages = {648},
    volume = {20},
    publisher = {Nature Research},
    url = {https://www.nature.com/articles/s41577-020-00449-z},
    doi = {10.1038/s41577-020-00449-z},
    issn = {14741741},
    pmid = {32895512},
    keywords = {2, CoV, SARS}
}

@misc{Nieuwenhuijs-Moeke2020SevofluraneCOVID-19,
    title = {{Sevoflurane, a sigh of relief in COVID-19?}},
    year = {2020},
    booktitle = {British Journal of Anaesthesia},
    author = {Nieuwenhuijs-Moeke, Gertrude J. and Jainandunsing, Jayant S. and Struys, Michel M.R.F.},
    number = {2},
    month = {8},
    pages = {118--121},
    volume = {125},
    publisher = {Elsevier Ltd},
    url = {https://www.who.int/docs/default-},
    doi = {10.1016/j.bja.2020.04.076},
    issn = {14716771},
    pmid = {32416995},
    keywords = {ARDS, COVID-19, ICU, sedation, sepsis, sevoflurane, volatile anaesthetic}
}

@article{Reiner2020StatinsInteraction,
    title = {{Statins and the Covid-19 main protease: In silico evidence on direct interaction}},
    year = {2020},
    journal = {Archives of Medical Science},
    author = {Reiner, Željko and Hatamipour, Mahdi and Banach, Maciej and Pirro, Matteo and Al-Rasadi, Khalid and Jamialahmadi, Tannaz and Radenkovic, Dina and Montecucco, Fabrizio and Sahebkar, Amirhossein},
    number = {2},
    pages = {490--496},
    volume = {16},
    publisher = {Termedia Publishing House Ltd.},
    url = {/pmc/articles/PMC7212226/ /pmc/articles/PMC7212226/?report=abstract https://www.ncbi.nlm.nih.gov/pmc/articles/PMC7212226/},
    doi = {10.5114/aoms.2020.94655},
    issn = {18969151},
    keywords = {6LU7, COVID-2019, Docking, Main protease, Statins}
}

@article{Reiner2020StatinsInteractionb,
    title = {{Statins and the Covid-19 main protease: In silico evidence on direct interaction}},
    year = {2020},
    journal = {Archives of Medical Science},
    author = {Reiner, Željko and Hatamipour, Mahdi and Banach, Maciej and Pirro, Matteo and Al-Rasadi, Khalid and Jamialahmadi, Tannaz and Radenkovic, Dina and Montecucco, Fabrizio and Sahebkar, Amirhossein},
    number = {2},
    month = {4},
    pages = {490--496},
    volume = {16},
    publisher = {Termedia Publishing House Ltd.},
    url = {https://doi.org/10.5114/aoms.2020.94655},
    doi = {10.5114/aoms.2020.94655},
    issn = {18969151},
    keywords = {6LU7, COVID-2019, Docking, Main protease, Statins}
}

@article{Abouelkhair2020TargetingHypothesis,
    title = {{Targeting adenosinergic pathway and adenosine A2A receptor signaling for the treatment of COVID-19: A hypothesis}},
    year = {2020},
    journal = {Medical Hypotheses},
    author = {Abouelkhair, Mohamed A.},
    month = {11},
    pages = {110012},
    volume = {144},
    publisher = {Churchill Livingstone},
    doi = {10.1016/j.mehy.2020.110012},
    issn = {15322777},
    pmid = {32590324},
    keywords = {Adenosine, CD39, CD73, COVID-19, Immunotherapy}
}

@techreport{Kalinka2020TheLinkcomm,
    title = {{The generation, visualization, and analysis of link communities in arbitrary networks with the R package linkcomm}},
    year = {2020},
    author = {Kalinka, Alex T}
}

@article{Cooper2000TheCells,
    title = {{The Origin and Evolution of Cells}},
    year = {2000},
    author = {Cooper, Geoffrey M},
    publisher = {Sinauer Associates},
    url = {https://www.ncbi.nlm.nih.gov/books/NBK9841/}
}

@article{Schmidt2020TheCells,
    title = {{The SARS-CoV-2 RNA–protein interactome in infected human cells}},
    year = {2020},
    journal = {Nature Microbiology},
    author = {Schmidt, Nora and Lareau, Caleb A. and Keshishian, Hasmik and Ganskih, Sabina and Schneider, Cornelius and Hennig, Thomas and Melanson, Randy and Werner, Simone and Wei, Yuanjie and Zimmer, Matthias and Ade, Jens and Kirschner, Luisa and Zielinski, Sebastian and D{\"{o}}lken, Lars and Lander, Eric S. and Caliskan, Neva and Fischer, Utz and Vogel, Jörg and Carr, Steven A. and Bodem, Jochen and Munschauer, Mathias},
    month = {12},
    pages = {1--15},
    publisher = {Nature Research},
    url = {https://doi.org/10.1038/s41564-020-00846-z},
    doi = {10.1038/s41564-020-00846-z},
    issn = {20585276},
    keywords = {2, CoV, Proteomics, RNA metabolism, SARS, Virology}
}

@article{Hoffmann2020Title:Factors,
    title = {{Title: Functional interrogation of a SARS-CoV-2 host protein interactome identifies unique and shared coronavirus host factors}},
    year = {2020},
    journal = {bioRxiv},
    author = {Hoffmann, H.-Heinrich and Schneider, William M and S{\'{a}}nchez-Rivera, Francisco J and Luna, Joseph M and Ashbrook, Alison W and Soto-Feliciano, Yadira M and Leal, Andrew A and Le Pen, Jérémie and Ricardo-Lax, Inna and Michailidis, Eleftherios and Hao, Yuan and Stenzel, Ansgar F and Peace, Avery and Allis, C David and Lowe, Scott W and Macdonald, Margaret R and Poirier, John T and Rice, Charles M and Org, John Poirier@nyulangone},
    month = {9},
    pages = {2020.09.11.291716},
    publisher = {Cold Spring Harbor Laboratory},
    url = {https://doi.org/10.1101/2020.09.11.291716},
    isbn = {10.1101/2020.09.1},
    doi = {10.1101/2020.09.11.291716}
}

@article{Flinspach2020VolatileReview,
    title = {{Volatile Isoflurane in Critically Ill Coronavirus Disease 2019 Patients—A Case Series and Systematic Review}},
    year = {2020},
    journal = {Critical Care Explorations},
    author = {Flinspach, Armin Niklas and Zacharowski, Kai and Ioanna, Deligiannis and Adam, Elisabeth Hannah},
    number = {10},
    month = {10},
    pages = {e0256},
    volume = {2},
    publisher = {Ovid Technologies (Wolters Kluwer Health)},
    url = {https://pubmed.ncbi.nlm.nih.gov/33134946/},
    doi = {10.1097/cce.0000000000000256},
    keywords = {Armin Niklas Flinspach, Elisabeth Hannah Adam, Kai Zacharowski, MEDLINE, NCBI, NIH, NLM, National Center for Biotechnology Information, National Institutes of Health, National Library of Medicine, PMC7587445, PubMed Abstract, doi:10.1097/CCE.0000000000000256, pmid:33134946}
}

@article{Feijen1994ZeolitesSynthesis,
    title = {{Zeolites and their Mechanism of Synthesis}},
    year = {1994},
    journal = {Studies in Surface Science and Catalysis},
    author = {Feijen, Eddy J.P. and Martens, Johan A. and Jacobs, Pierre A.},
    number = {C},
    month = {1},
    pages = {3--21},
    volume = {84},
    publisher = {Elsevier},
    doi = {10.1016/S0167-2991(08)64074-4},
    issn = {01672991}
}

@misc{CualesStatins,
    title = {{¿Cu{\'{a}}les son Statins?}},
    url = {https://www.news-medical.net/health/What-are-Statins-(Spanish).aspx}
}

@misc{EnCochrane,
    title = {{¿En una crisis asm{\'{a}}tica la inyecci{\'{o}}n de aminofilina agregada a los broncodilatadores mejora la funci{\'{o}}n pulmonar y otros resultados o causa efectos perjudiciales? | Cochrane}},
    url = {https://www.cochrane.org/es/CD002742/AIRWAYS_en-una-crisis-asmatica-la-inyeccion-de-aminofilina-agregada-los-broncodilatadores-mejora-la-funcion}
}

@article{Koonin1996functionalMotifs,
    title = {{{\ldots}functional motifs{\ldots}}},
    year = {1996},
    journal = {Nature Genetics},
    author = {Koonin, Eugene V. and Altschul, Stephen F. and Bork, Peer},
    number = {3},
    pages = {266--268},
    volume = {13},
    publisher = {Nat Genet},
    url = {https://pubmed.ncbi.nlm.nih.gov/8673121/},
    doi = {10.1038/ng0796-266},
    issn = {15461718},
    pmid = {8673121},
    keywords = {Amino Acid Sequence, Amino Acid*, Animals, BRCA1 Protein, Carrier Proteins / chemistry, Cell Cycle Proteins*, Conserved Sequence, E V Koonin, Fungal Proteins / chemistry, Humans, Intracellular Signaling Peptides and Proteins*, Letter, MEDLINE, Mice, Molecular Sequence Data, NCBI, NIH, NLM, National Center for Biotechnology Information, National Institutes of Health, National Library of Medicine, Neoplasm Proteins / chemistry*, Neoplasm Proteins / physiology, P Bork, Phosphoproteins*, PubMed Abstract, S F Altschul, Sequence Alignment, Sequence Homology, Software, Transcription Factors / chemistry*, Transcription Factors / physiology, Tumor Suppressor p53-Binding Protein 1, doi:10.1038/ng0796-266, pmid:8673121}
}